@inproceedings{mildenhall2020nerf,
  author    = {Mildenhall, Ben and Srinivasan, Pratul P. and Tancik, Matthew and Barron, Jonathan T. and Ramamoorthi, Ravi and Ng, Ren},
  title     = {{NeRF}: Representing Scenes as Neural Radiance Fields for View Synthesis},
  booktitle = {European Conference on Computer Vision (ECCV)},
  year      = {2020},
  eprint    = {2003.08934},
  archivePrefix = {arXiv}
}

@article{muller2022instant,
  author    = {Müller, Thomas and Evans, Alex and Schied, Christoph and Keller, Alexander},
  title     = {Instant Neural Graphics Primitives with a Multiresolution Hash Encoding},
  journal   = {ACM Transactions on Graphics (TOG)},
  volume    = {41},
  number    = {4},
  year      = {2022},
  eprint    = {2201.05989},
  archivePrefix = {arXiv}
}

@article{kerbl2023gaussiansplatting,
  author    = {Kerbl, Bernhard and Kopanas, Georgios and Leimkühler, Thomas and Drettakis, George},
  title     = {{3D} Gaussian Splatting for Real-Time Radiance Field Rendering},
  journal   = {ACM Transactions on Graphics (TOG)},
  volume    = {42},
  number    = {4},
  year      = {2023},
  eprint    = {2308.04079},
  archivePrefix = {arXiv}
}

@misc{karnewar2024benchmarking,
  author    = {Karnewar, Animesh and Vedaldi, Andrea and Goldman, Dan and Snavely, Noah},
  title     = {Benchmarking Image Similarity Metrics for Novel View Synthesis Applications},
  year      = {2024},
  eprint    = {2406.12563},
  archivePrefix = {arXiv}
}

@misc{wu2023gennerf,
  author    = {Wu, Tailin and Chang, Hanting and Zhang, Zhide and Zhao, Jiaming and Theobalt, Christian and Liu, Xinchao and Wang, Zhangyang},
  title     = {{Gen-NeRF}: Efficient and Generalizable Neural Radiance Fields via Algorithm-Hardware Co-Design},
  year      = {2023},
  eprint    = {2304.11842},
  archivePrefix = {arXiv}
}

@misc{wu2023dynamic,
  author    = {Wu, Feng and Chen, Tian-Zhu and Theobalt, Christian and Liu, Zhaoxiang},
  title     = {Dynamic Appearance Particle Neural Radiance Field},
  year      = {2023},
  eprint    = {2310.07916},
  archivePrefix = {arXiv}
}

@misc{zhang20246dgs,
  author    = {Zhang, Kaizhi and Wang, Yichen and Peng, Zhe and Li, Yuan-Chen and Zhang, Hui and Han, Xiaonan and Xu, Dan},
  title     = {{6DGS}: Enhanced Direction-Aware Gaussian Splatting for Volumetric Rendering},
  year      = {2024},
  eprint    = {2403.04974},
  archivePrefix = {arXiv}
}

@misc{chen2024efficient3dgs,
  author    = {Chen, Zeyu and Wang, Hong and Zhang, Zhide and Zhou, Yu-Shen and Liu, Xinchao and Wang, Zhangyang},
  title     = {Efficient Perspective-Correct {3D} Gaussian Splatting Using Hybrid Transparency},
  year      = {2024},
  eprint    = {2404.08129},
  archivePrefix = {arXiv}
}

@misc{kim2024freqaware,
  author    = {Kim, Donghyeon and Kim, Dasol and Oh, Seonghyeon and Kweon, In So},
  title     = {Frequency-Aware Density Control via Reparameterization for High-Quality Rendering of {3D} Gaussian Splatting},
  year      = {2024},
  eprint    = {2403.07000},
  archivePrefix = {arXiv}
}

@misc{li2023ondevice,
  author    = {Li, Cheng and Liu, Haolin and Ma, Chong and Chen, Chen and Jia, Yejia and Liu, Yuhang and Shen, Yipeng and Zhang, Chen},
  title     = {Instant Neural Radiance Field Training Towards On-Device {AR/VR} {3D} Reconstruction},
  year      = {2023},
  eprint    = {2304.12467},
  archivePrefix = {arXiv}
}

@misc{wu2024degs,
  author    = {Wu, Jiacheng and Zhang, Zhide and Zhang, Siyu and Li, Zun and Wang, Zhangyang},
  title     = {{DE-GS}: An End-to-End Framework for Object Reconstruction with {3D} Gaussian Splatting},
  year      = {2024},
  eprint    = {2403.12894},
  archivePrefix = {arXiv}
}

@misc{nerfstudio_ingp,
  author       = {{Nerfstudio Team}},
  title        = {Instant-NGP},
  howpublished = {\url{https://docs.nerf.studio/nerfology/methods/instant_ngp.html}},
  note         = {Accessed: June 19, 2025},
  year         = {2024}
}

@misc{nvlabs_ingp,
  author       = {{NVIDIA}},
  title        = {Instant Neural Graphics Primitives with a Multiresolution Hash Encoding},
  howpublished = {\url{https://nvlabs.github.io/instant-ngp/}},
  note         = {Accessed: June 19, 2025},
  year         = {2022}
}

@misc{scannetpp_nvs,
  author       = {{TUM}},
  title        = {Novel View Synthesis on {DSLR} Images},
  howpublished = {\url{https://google.github.io/scannet-plus-plus/nvs.html}},
  note         = {Accessed: June 19, 2025},
  year         = {2023}
}

@misc{learnopencv_3dgs,
  author       = {{Learn OpenCV}},
  title        = {{3D} Gaussian Splatting - Paper Explained, Training NeRFStudio},
  howpublished = {\url{https://learnopencv.com/3d-gaussian-splatting/}},
  note         = {Accessed: June 19, 2025},
  year         = {2023}
}

@misc{chaos_3dgs,
  author       = {{Chaos Group}},
  title        = {{3D} Gaussian Splatting: A new frontier in rendering},
  howpublished = {\url{https://www.chaos.com/blog/3d-gaussian-splatting-a-new-frontier-in-rendering}},
  note         = {Accessed: June 19, 2025},
  year         = {2023}
}

@misc{plainconcepts_3dgs,
  author       = {{Plain Concepts}},
  title        = {{3D} Gaussian Splatting},
  howpublished = {\url{https://www.plainconcepts.com/3d-gaussian-splatting/}},
  note         = {Accessed: June 19, 2025},
  year         = {2023}
}

@misc{wiki_3dgs,
  author       = {{Wikipedia}},
  title        = {Gaussian splatting},
  howpublished = {\url{https://en.wikipedia.org/wiki/Gaussian_splatting}},
  note         = {Accessed: June 19, 2025},
  year         = {2024}
}

@misc{huggingface_3dgs,
  author       = {Carranza, Christopher},
  title        = {Introduction to {3D} Gaussian Splatting},
  howpublished = {\url{https://huggingface.co/blog/gaussian-splatting}},
  note         = {Accessed: June 19, 2025},
  year         = {2023}
}

@misc{review_metrics_blog,
  author       = {Jagtap, A. S.},
  title        = {A Review of the Image Quality Metrics used in Image Generative Models},
  howpublished = {\url{https://blog.paperspace.com/a-review-of-the-image-quality-metrics-used-in-image-generative-models/}},
  note         = {Accessed: June 19, 2025},
  year         = {2023}
}
